[gd_scene load_steps=6 format=2]

[ext_resource path="res://Grid.gd" type="Script" id=1]
[ext_resource path="res://Rows.gd" type="Script" id=2]
[ext_resource path="res://Row.gd" type="Script" id=3]
[ext_resource path="res://Enemy_Triangle.tscn" type="PackedScene" id=4]

[sub_resource type="RectangleShape2D" id=1]

custom_solver_bias = 0.0
extents = Vector2( 10, 10 )

[node name="Grid" type="Area2D" index="0"]

input_pickable = true
gravity_vec = Vector2( 0, 1 )
gravity = 98.0
linear_damp = 0.1
angular_damp = 1.0
collision_layer = 16
collision_mask = 8
audio_bus_override = false
audio_bus_name = "Master"
script = ExtResource( 1 )
_sections_unfolded = [ "Collision" ]
sideways = null
move = Vector2( 0, 0 )

[node name="Rows" type="Node2D" parent="." index="0"]

script = ExtResource( 2 )
_sections_unfolded = [ "Transform" ]

[node name="Row" type="Node2D" parent="Rows" index="0"]

editor/display_folded = true
script = ExtResource( 3 )
_sections_unfolded = [ "Transform" ]
angle = 0
inc = 0.1
amp = 2

[node name="Enemy_Triangle2" parent="Rows/Row" index="0" instance=ExtResource( 4 )]

[node name="Row2" type="Node2D" parent="Rows" index="1"]

editor/display_folded = true
position = Vector2( -75, 0 )
script = ExtResource( 3 )
_sections_unfolded = [ "Transform" ]
angle = 1
inc = 0.1
amp = 2

[node name="Enemy_Triangle" parent="Rows/Row2" index="0" instance=ExtResource( 4 )]

position = Vector2( 0, -40 )

[node name="Enemy_Triangle3" parent="Rows/Row2" index="1" instance=ExtResource( 4 )]

position = Vector2( 0, 40 )

[node name="Row3" type="Node2D" parent="Rows" index="2"]

editor/display_folded = true
position = Vector2( -150, 0 )
script = ExtResource( 3 )
_sections_unfolded = [ "Transform", "Z Index" ]
angle = 2
inc = 0.1
amp = 2

[node name="Enemy_Triangle" parent="Rows/Row3" index="0" instance=ExtResource( 4 )]

position = Vector2( 0, -75 )

[node name="Enemy_Triangle2" parent="Rows/Row3" index="1" instance=ExtResource( 4 )]

[node name="Enemy_Triangle3" parent="Rows/Row3" index="2" instance=ExtResource( 4 )]

position = Vector2( 0, 75 )

[node name="Row4" type="Node2D" parent="Rows" index="3"]

editor/display_folded = true
position = Vector2( -225, 0 )
script = ExtResource( 3 )
_sections_unfolded = [ "Transform" ]
angle = 3
inc = 0.1
amp = 2

[node name="Enemy_Triangle" parent="Rows/Row4" index="0" instance=ExtResource( 4 )]

position = Vector2( 0, -75 )

[node name="Enemy_Triangle2" parent="Rows/Row4" index="1" instance=ExtResource( 4 )]

[node name="Enemy_Triangle3" parent="Rows/Row4" index="2" instance=ExtResource( 4 )]

position = Vector2( 0, 75 )

[node name="Row5" type="Node2D" parent="Rows" index="4"]

editor/display_folded = true
position = Vector2( -300, 0 )
script = ExtResource( 3 )
_sections_unfolded = [ "Transform" ]
angle = 4
inc = 0.1
amp = 2

[node name="Enemy_Triangle" parent="Rows/Row5" index="0" instance=ExtResource( 4 )]

position = Vector2( 0, -75 )

[node name="Enemy_Triangle2" parent="Rows/Row5" index="1" instance=ExtResource( 4 )]

[node name="Enemy_Triangle3" parent="Rows/Row5" index="2" instance=ExtResource( 4 )]

position = Vector2( 0, 75 )

[node name="Row6" type="Node2D" parent="Rows" index="5"]

editor/display_folded = true
position = Vector2( -375, 0 )
script = ExtResource( 3 )
_sections_unfolded = [ "Transform" ]
angle = 5
inc = 0.1
amp = 2

[node name="Enemy_Triangle" parent="Rows/Row6" index="0" instance=ExtResource( 4 )]

position = Vector2( 0, -75 )

[node name="Enemy_Triangle2" parent="Rows/Row6" index="1" instance=ExtResource( 4 )]

[node name="Enemy_Triangle3" parent="Rows/Row6" index="2" instance=ExtResource( 4 )]

position = Vector2( 0, 75 )

[node name="Row7" type="Node2D" parent="Rows" index="6"]

editor/display_folded = true
position = Vector2( -450, 0 )
script = ExtResource( 3 )
_sections_unfolded = [ "Transform" ]
angle = 6
inc = 0.1
amp = 2

[node name="Enemy_Triangle" parent="Rows/Row7" index="0" instance=ExtResource( 4 )]

position = Vector2( 0, -75 )

[node name="Enemy_Triangle2" parent="Rows/Row7" index="1" instance=ExtResource( 4 )]

[node name="Enemy_Triangle3" parent="Rows/Row7" index="2" instance=ExtResource( 4 )]

position = Vector2( 0, 75 )

[node name="Row8" type="Node2D" parent="Rows" index="7"]

editor/display_folded = true
position = Vector2( -525, 0 )
script = ExtResource( 3 )
_sections_unfolded = [ "Transform" ]
angle = 7
inc = 0.1
amp = 2

[node name="Enemy_Triangle" parent="Rows/Row8" index="0" instance=ExtResource( 4 )]

position = Vector2( 0, -75 )

[node name="Enemy_Triangle2" parent="Rows/Row8" index="1" instance=ExtResource( 4 )]

[node name="Enemy_Triangle3" parent="Rows/Row8" index="2" instance=ExtResource( 4 )]

position = Vector2( 0, 75 )

[node name="Row9" type="Node2D" parent="Rows" index="8"]

editor/display_folded = true
position = Vector2( -600, 0 )
script = ExtResource( 3 )
_sections_unfolded = [ "Transform" ]
angle = 8
inc = 0.1
amp = 2

[node name="Enemy_Triangle" parent="Rows/Row9" index="0" instance=ExtResource( 4 )]

position = Vector2( 0, -110 )

[node name="Enemy_Triangle2" parent="Rows/Row9" index="1" instance=ExtResource( 4 )]

position = Vector2( 0, -40 )

[node name="Enemy_Triangle3" parent="Rows/Row9" index="2" instance=ExtResource( 4 )]

position = Vector2( 0, 40 )

[node name="Enemy_Triangle4" parent="Rows/Row9" index="3" instance=ExtResource( 4 )]

position = Vector2( 0, 110 )

[node name="Row10" type="Node2D" parent="Rows" index="9"]

editor/display_folded = true
position = Vector2( -675, 0 )
script = ExtResource( 3 )
_sections_unfolded = [ "Transform" ]
angle = 9
inc = 0.1
amp = 2

[node name="Enemy_Triangle" parent="Rows/Row10" index="0" instance=ExtResource( 4 )]

position = Vector2( 0, -110 )

[node name="Enemy_Triangle2" parent="Rows/Row10" index="1" instance=ExtResource( 4 )]

position = Vector2( 0, -40 )

[node name="Enemy_Triangle3" parent="Rows/Row10" index="2" instance=ExtResource( 4 )]

position = Vector2( 0, 40 )

[node name="Enemy_Triangle5" parent="Rows/Row10" index="3" instance=ExtResource( 4 )]

position = Vector2( 0, 110 )

[node name="Row11" type="Node2D" parent="Rows" index="10"]

editor/display_folded = true
position = Vector2( -750, 0 )
script = ExtResource( 3 )
_sections_unfolded = [ "Transform" ]
angle = 10
inc = 0.1
amp = 2

[node name="Enemy_Triangle" parent="Rows/Row11" index="0" instance=ExtResource( 4 )]

position = Vector2( 0, -110 )

[node name="Enemy_Triangle2" parent="Rows/Row11" index="1" instance=ExtResource( 4 )]

position = Vector2( 0, -40 )

[node name="Enemy_Triangle3" parent="Rows/Row11" index="2" instance=ExtResource( 4 )]

position = Vector2( 0, 40 )

[node name="Enemy_Triangle5" parent="Rows/Row11" index="3" instance=ExtResource( 4 )]

position = Vector2( 0, 110 )

[node name="Row12" type="Node2D" parent="Rows" index="11"]

editor/display_folded = true
position = Vector2( -825, 0 )
script = ExtResource( 3 )
_sections_unfolded = [ "Transform" ]
angle = 11
inc = 0.1
amp = 2

[node name="Enemy_Triangle" parent="Rows/Row12" index="0" instance=ExtResource( 4 )]

position = Vector2( 0, -110 )

[node name="Enemy_Triangle2" parent="Rows/Row12" index="1" instance=ExtResource( 4 )]

position = Vector2( 0, -40 )

[node name="Enemy_Triangle3" parent="Rows/Row12" index="2" instance=ExtResource( 4 )]

position = Vector2( 0, 40 )

[node name="Enemy_Triangle5" parent="Rows/Row12" index="3" instance=ExtResource( 4 )]

position = Vector2( 0, 110 )

[node name="Row13" type="Node2D" parent="Rows" index="12"]

editor/display_folded = true
position = Vector2( -900, 0 )
script = ExtResource( 3 )
_sections_unfolded = [ "Transform" ]
angle = 12
inc = 0.1
amp = 2

[node name="Enemy_Triangle" parent="Rows/Row13" index="0" instance=ExtResource( 4 )]

position = Vector2( 0, -110 )

[node name="Enemy_Triangle2" parent="Rows/Row13" index="1" instance=ExtResource( 4 )]

position = Vector2( 0, -40 )

[node name="Enemy_Triangle3" parent="Rows/Row13" index="2" instance=ExtResource( 4 )]

position = Vector2( 0, 40 )

[node name="Enemy_Triangle5" parent="Rows/Row13" index="3" instance=ExtResource( 4 )]

position = Vector2( 0, 110 )

[node name="Row14" type="Node2D" parent="Rows" index="13"]

editor/display_folded = true
position = Vector2( -975, 0 )
script = ExtResource( 3 )
_sections_unfolded = [ "Transform" ]
angle = 13
inc = 0.1
amp = 2

[node name="Enemy_Triangle" parent="Rows/Row14" index="0" instance=ExtResource( 4 )]

position = Vector2( 0, -150 )

[node name="Enemy_Triangle2" parent="Rows/Row14" index="1" instance=ExtResource( 4 )]

position = Vector2( 0, -75 )

[node name="Enemy_Triangle3" parent="Rows/Row14" index="2" instance=ExtResource( 4 )]

[node name="Enemy_Triangle5" parent="Rows/Row14" index="3" instance=ExtResource( 4 )]

position = Vector2( 0, 75 )

[node name="Enemy_Triangle4" parent="Rows/Row14" index="4" instance=ExtResource( 4 )]

position = Vector2( 0, 150 )

[node name="Row15" type="Node2D" parent="Rows" index="14"]

editor/display_folded = true
position = Vector2( -1050, 0 )
script = ExtResource( 3 )
_sections_unfolded = [ "Transform" ]
angle = 14
inc = 0.1
amp = 2

[node name="Enemy_Triangle" parent="Rows/Row15" index="0" instance=ExtResource( 4 )]

position = Vector2( 0, -150 )

[node name="Enemy_Triangle2" parent="Rows/Row15" index="1" instance=ExtResource( 4 )]

position = Vector2( 0, -75 )

[node name="Enemy_Triangle3" parent="Rows/Row15" index="2" instance=ExtResource( 4 )]

[node name="Enemy_Triangle5" parent="Rows/Row15" index="3" instance=ExtResource( 4 )]

position = Vector2( 0, 75 )

[node name="Enemy_Triangle4" parent="Rows/Row15" index="4" instance=ExtResource( 4 )]

position = Vector2( 0, 150 )

[node name="Row16" type="Node2D" parent="Rows" index="15"]

editor/display_folded = true
position = Vector2( -1125, 0 )
script = ExtResource( 3 )
_sections_unfolded = [ "Transform" ]
angle = 15
inc = 0.1
amp = 2

[node name="Enemy_Triangle" parent="Rows/Row16" index="0" instance=ExtResource( 4 )]

position = Vector2( 0, -150 )

[node name="Enemy_Triangle2" parent="Rows/Row16" index="1" instance=ExtResource( 4 )]

position = Vector2( 0, -75 )

[node name="Enemy_Triangle3" parent="Rows/Row16" index="2" instance=ExtResource( 4 )]

[node name="Enemy_Triangle5" parent="Rows/Row16" index="3" instance=ExtResource( 4 )]

position = Vector2( 0, 75 )

[node name="Enemy_Triangle4" parent="Rows/Row16" index="4" instance=ExtResource( 4 )]

position = Vector2( 0, 150 )

[node name="Row17" type="Node2D" parent="Rows" index="16"]

editor/display_folded = true
position = Vector2( -1200, 0 )
script = ExtResource( 3 )
_sections_unfolded = [ "Transform" ]
angle = 16
inc = 0.1
amp = 2

[node name="Enemy_Triangle" parent="Rows/Row17" index="0" instance=ExtResource( 4 )]

position = Vector2( 0, -150 )

[node name="Enemy_Triangle2" parent="Rows/Row17" index="1" instance=ExtResource( 4 )]

position = Vector2( 0, -75 )

[node name="Enemy_Triangle3" parent="Rows/Row17" index="2" instance=ExtResource( 4 )]

[node name="Enemy_Triangle5" parent="Rows/Row17" index="3" instance=ExtResource( 4 )]

position = Vector2( 0, 75 )

[node name="Enemy_Triangle4" parent="Rows/Row17" index="4" instance=ExtResource( 4 )]

position = Vector2( 0, 150 )

[node name="Row18" type="Node2D" parent="Rows" index="17"]

editor/display_folded = true
position = Vector2( -1275, 0 )
script = ExtResource( 3 )
_sections_unfolded = [ "Transform" ]
angle = 17
inc = 0.1
amp = 2

[node name="Enemy_Triangle" parent="Rows/Row18" index="0" instance=ExtResource( 4 )]

position = Vector2( 0, -150 )

[node name="Enemy_Triangle2" parent="Rows/Row18" index="1" instance=ExtResource( 4 )]

position = Vector2( 0, -75 )

[node name="Enemy_Triangle3" parent="Rows/Row18" index="2" instance=ExtResource( 4 )]

[node name="Enemy_Triangle5" parent="Rows/Row18" index="3" instance=ExtResource( 4 )]

position = Vector2( 0, 75 )

[node name="Enemy_Triangle4" parent="Rows/Row18" index="4" instance=ExtResource( 4 )]

position = Vector2( 0, 150 )

[node name="Row19" type="Node2D" parent="Rows" index="18"]

editor/display_folded = true
position = Vector2( -1350, 0 )
script = ExtResource( 3 )
_sections_unfolded = [ "Transform" ]
angle = 18
inc = 0.1
amp = 2

[node name="Enemy_Triangle" parent="Rows/Row19" index="0" instance=ExtResource( 4 )]

position = Vector2( 0, -150 )

[node name="Enemy_Triangle2" parent="Rows/Row19" index="1" instance=ExtResource( 4 )]

position = Vector2( 0, -75 )

[node name="Enemy_Triangle3" parent="Rows/Row19" index="2" instance=ExtResource( 4 )]

[node name="Enemy_Triangle5" parent="Rows/Row19" index="3" instance=ExtResource( 4 )]

position = Vector2( 0, 75 )

[node name="Enemy_Triangle4" parent="Rows/Row19" index="4" instance=ExtResource( 4 )]

position = Vector2( 0, 150 )

[node name="Row20" type="Node2D" parent="Rows" index="19"]

editor/display_folded = true
position = Vector2( -1425, 0 )
script = ExtResource( 3 )
_sections_unfolded = [ "Transform" ]
angle = 19
inc = 0.1
amp = 2

[node name="Enemy_Triangle" parent="Rows/Row20" index="0" instance=ExtResource( 4 )]

position = Vector2( 0, -150 )

[node name="Enemy_Triangle2" parent="Rows/Row20" index="1" instance=ExtResource( 4 )]

position = Vector2( 0, -75 )

[node name="Enemy_Triangle3" parent="Rows/Row20" index="2" instance=ExtResource( 4 )]

[node name="Enemy_Triangle5" parent="Rows/Row20" index="3" instance=ExtResource( 4 )]

position = Vector2( 0, 75 )

[node name="Enemy_Triangle4" parent="Rows/Row20" index="4" instance=ExtResource( 4 )]

position = Vector2( 0, 150 )

[node name="Row21" type="Node2D" parent="Rows" index="20"]

editor/display_folded = true
position = Vector2( -1500, 0 )
script = ExtResource( 3 )
_sections_unfolded = [ "Transform" ]
angle = 20
inc = 0.1
amp = 2

[node name="Enemy_Triangle" parent="Rows/Row21" index="0" instance=ExtResource( 4 )]

position = Vector2( 0, -180 )

[node name="Enemy_Triangle6" parent="Rows/Row21" index="1" instance=ExtResource( 4 )]

position = Vector2( 0, -110 )

[node name="Enemy_Triangle2" parent="Rows/Row21" index="2" instance=ExtResource( 4 )]

position = Vector2( 0, -40 )

[node name="Enemy_Triangle3" parent="Rows/Row21" index="3" instance=ExtResource( 4 )]

position = Vector2( 0, 40 )

[node name="Enemy_Triangle5" parent="Rows/Row21" index="4" instance=ExtResource( 4 )]

position = Vector2( 0, 110 )

[node name="Enemy_Triangle4" parent="Rows/Row21" index="5" instance=ExtResource( 4 )]

position = Vector2( 0, 180 )

[node name="Row22" type="Node2D" parent="Rows" index="21"]

editor/display_folded = true
position = Vector2( -1575, 0 )
script = ExtResource( 3 )
_sections_unfolded = [ "Transform" ]
angle = 21
inc = 0.1
amp = 2

[node name="Enemy_Triangle" parent="Rows/Row22" index="0" instance=ExtResource( 4 )]

position = Vector2( 0, -180 )

[node name="Enemy_Triangle6" parent="Rows/Row22" index="1" instance=ExtResource( 4 )]

position = Vector2( 0, -110 )

[node name="Enemy_Triangle2" parent="Rows/Row22" index="2" instance=ExtResource( 4 )]

position = Vector2( 0, -40 )

[node name="Enemy_Triangle3" parent="Rows/Row22" index="3" instance=ExtResource( 4 )]

position = Vector2( 0, 40 )

[node name="Enemy_Triangle5" parent="Rows/Row22" index="4" instance=ExtResource( 4 )]

position = Vector2( 0, 110 )

[node name="Enemy_Triangle4" parent="Rows/Row22" index="5" instance=ExtResource( 4 )]

position = Vector2( 0, 180 )

[node name="Row23" type="Node2D" parent="Rows" index="22"]

editor/display_folded = true
position = Vector2( -1650, 0 )
script = ExtResource( 3 )
_sections_unfolded = [ "Transform" ]
angle = 22
inc = 0.1
amp = 2

[node name="Enemy_Triangle" parent="Rows/Row23" index="0" instance=ExtResource( 4 )]

position = Vector2( 0, -180 )

[node name="Enemy_Triangle6" parent="Rows/Row23" index="1" instance=ExtResource( 4 )]

position = Vector2( 0, -110 )

[node name="Enemy_Triangle2" parent="Rows/Row23" index="2" instance=ExtResource( 4 )]

position = Vector2( 0, -40 )

[node name="Enemy_Triangle3" parent="Rows/Row23" index="3" instance=ExtResource( 4 )]

position = Vector2( 0, 40 )

[node name="Enemy_Triangle5" parent="Rows/Row23" index="4" instance=ExtResource( 4 )]

position = Vector2( 0, 110 )

[node name="Enemy_Triangle4" parent="Rows/Row23" index="5" instance=ExtResource( 4 )]

position = Vector2( 0, 180 )

[node name="Row24" type="Node2D" parent="Rows" index="23"]

editor/display_folded = true
position = Vector2( -1725, 0 )
script = ExtResource( 3 )
_sections_unfolded = [ "Transform" ]
angle = 23
inc = 0.1
amp = 2

[node name="Enemy_Triangle" parent="Rows/Row24" index="0" instance=ExtResource( 4 )]

position = Vector2( 0, -180 )

[node name="Enemy_Triangle6" parent="Rows/Row24" index="1" instance=ExtResource( 4 )]

position = Vector2( 0, -110 )

[node name="Enemy_Triangle2" parent="Rows/Row24" index="2" instance=ExtResource( 4 )]

position = Vector2( 0, -40 )

[node name="Enemy_Triangle3" parent="Rows/Row24" index="3" instance=ExtResource( 4 )]

position = Vector2( 0, 40 )

[node name="Enemy_Triangle5" parent="Rows/Row24" index="4" instance=ExtResource( 4 )]

position = Vector2( 0, 110 )

[node name="Enemy_Triangle4" parent="Rows/Row24" index="5" instance=ExtResource( 4 )]

position = Vector2( 0, 180 )

[node name="Row25" type="Node2D" parent="Rows" index="24"]

editor/display_folded = true
position = Vector2( -1800, 0 )
script = ExtResource( 3 )
_sections_unfolded = [ "Transform" ]
angle = 24
inc = 0.1
amp = 2

[node name="Enemy_Triangle" parent="Rows/Row25" index="0" instance=ExtResource( 4 )]

position = Vector2( 0, -180 )

[node name="Enemy_Triangle6" parent="Rows/Row25" index="1" instance=ExtResource( 4 )]

position = Vector2( 0, -110 )

[node name="Enemy_Triangle2" parent="Rows/Row25" index="2" instance=ExtResource( 4 )]

position = Vector2( 0, -40 )

[node name="Enemy_Triangle3" parent="Rows/Row25" index="3" instance=ExtResource( 4 )]

position = Vector2( 0, 40 )

[node name="Enemy_Triangle5" parent="Rows/Row25" index="4" instance=ExtResource( 4 )]

position = Vector2( 0, 110 )

[node name="Enemy_Triangle4" parent="Rows/Row25" index="5" instance=ExtResource( 4 )]

position = Vector2( 0, 180 )

[node name="Row26" type="Node2D" parent="Rows" index="25"]

editor/display_folded = true
position = Vector2( -1875, 0 )
script = ExtResource( 3 )
_sections_unfolded = [ "Transform" ]
angle = 25
inc = 0.1
amp = 2

[node name="Enemy_Triangle" parent="Rows/Row26" index="0" instance=ExtResource( 4 )]

position = Vector2( 0, -150 )

[node name="Enemy_Triangle2" parent="Rows/Row26" index="1" instance=ExtResource( 4 )]

position = Vector2( 0, -75 )

[node name="Enemy_Triangle3" parent="Rows/Row26" index="2" instance=ExtResource( 4 )]

[node name="Enemy_Triangle5" parent="Rows/Row26" index="3" instance=ExtResource( 4 )]

position = Vector2( 0, 75 )

[node name="Enemy_Triangle4" parent="Rows/Row26" index="4" instance=ExtResource( 4 )]

position = Vector2( 0, 150 )

[node name="Row27" type="Node2D" parent="Rows" index="26"]

editor/display_folded = true
position = Vector2( -1950, 0 )
script = ExtResource( 3 )
_sections_unfolded = [ "Transform" ]
angle = 26
inc = 0.1
amp = 2

[node name="Enemy_Triangle" parent="Rows/Row27" index="0" instance=ExtResource( 4 )]

position = Vector2( 0, -150 )

[node name="Enemy_Triangle2" parent="Rows/Row27" index="1" instance=ExtResource( 4 )]

position = Vector2( 0, -75 )

[node name="Enemy_Triangle3" parent="Rows/Row27" index="2" instance=ExtResource( 4 )]

[node name="Enemy_Triangle5" parent="Rows/Row27" index="3" instance=ExtResource( 4 )]

position = Vector2( 0, 75 )

[node name="Enemy_Triangle4" parent="Rows/Row27" index="4" instance=ExtResource( 4 )]

position = Vector2( 0, 150 )

[node name="Row28" type="Node2D" parent="Rows" index="27"]

editor/display_folded = true
position = Vector2( -2025, 0 )
script = ExtResource( 3 )
_sections_unfolded = [ "Transform" ]
angle = 27
inc = 0.1
amp = 2

[node name="Enemy_Triangle" parent="Rows/Row28" index="0" instance=ExtResource( 4 )]

position = Vector2( 0, -150 )

[node name="Enemy_Triangle2" parent="Rows/Row28" index="1" instance=ExtResource( 4 )]

position = Vector2( 0, -75 )

[node name="Enemy_Triangle3" parent="Rows/Row28" index="2" instance=ExtResource( 4 )]

[node name="Enemy_Triangle5" parent="Rows/Row28" index="3" instance=ExtResource( 4 )]

position = Vector2( 0, 75 )

[node name="Enemy_Triangle4" parent="Rows/Row28" index="4" instance=ExtResource( 4 )]

position = Vector2( 0, 150 )

[node name="Row29" type="Node2D" parent="Rows" index="28"]

editor/display_folded = true
position = Vector2( -2100, 0 )
script = ExtResource( 3 )
_sections_unfolded = [ "Transform" ]
angle = 28
inc = 0.1
amp = 2

[node name="Enemy_Triangle" parent="Rows/Row29" index="0" instance=ExtResource( 4 )]

position = Vector2( 0, -150 )

[node name="Enemy_Triangle2" parent="Rows/Row29" index="1" instance=ExtResource( 4 )]

position = Vector2( 0, -75 )

[node name="Enemy_Triangle3" parent="Rows/Row29" index="2" instance=ExtResource( 4 )]

[node name="Enemy_Triangle5" parent="Rows/Row29" index="3" instance=ExtResource( 4 )]

position = Vector2( 0, 75 )

[node name="Enemy_Triangle4" parent="Rows/Row29" index="4" instance=ExtResource( 4 )]

position = Vector2( 0, 150 )

[node name="Row30" type="Node2D" parent="Rows" index="29"]

editor/display_folded = true
position = Vector2( -2175, 0 )
script = ExtResource( 3 )
_sections_unfolded = [ "Transform" ]
angle = 29
inc = 0.1
amp = 2

[node name="Enemy_Triangle" parent="Rows/Row30" index="0" instance=ExtResource( 4 )]

position = Vector2( 0, -150 )

[node name="Enemy_Triangle2" parent="Rows/Row30" index="1" instance=ExtResource( 4 )]

position = Vector2( 0, -75 )

[node name="Enemy_Triangle3" parent="Rows/Row30" index="2" instance=ExtResource( 4 )]

[node name="Enemy_Triangle5" parent="Rows/Row30" index="3" instance=ExtResource( 4 )]

position = Vector2( 0, 75 )

[node name="Enemy_Triangle4" parent="Rows/Row30" index="4" instance=ExtResource( 4 )]

position = Vector2( 0, 150 )

[node name="Row31" type="Node2D" parent="Rows" index="30"]

editor/display_folded = true
position = Vector2( -2250, 0 )
script = ExtResource( 3 )
_sections_unfolded = [ "Transform" ]
angle = 30
inc = 0.1
amp = 2

[node name="Enemy_Triangle" parent="Rows/Row31" index="0" instance=ExtResource( 4 )]

position = Vector2( 0, -180 )

[node name="Enemy_Triangle6" parent="Rows/Row31" index="1" instance=ExtResource( 4 )]

position = Vector2( 0, -110 )

[node name="Enemy_Triangle2" parent="Rows/Row31" index="2" instance=ExtResource( 4 )]

position = Vector2( 0, -40 )

[node name="Enemy_Triangle3" parent="Rows/Row31" index="3" instance=ExtResource( 4 )]

position = Vector2( 0, 40 )

[node name="Enemy_Triangle5" parent="Rows/Row31" index="4" instance=ExtResource( 4 )]

position = Vector2( 0, 110 )

[node name="Enemy_Triangle4" parent="Rows/Row31" index="5" instance=ExtResource( 4 )]

position = Vector2( 0, 180 )

[node name="Row32" type="Node2D" parent="Rows" index="31"]

editor/display_folded = true
position = Vector2( -2325, 0 )
script = ExtResource( 3 )
_sections_unfolded = [ "Transform" ]
angle = 31
inc = 0.1
amp = 2

[node name="Enemy_Triangle" parent="Rows/Row32" index="0" instance=ExtResource( 4 )]

position = Vector2( 0, -180 )

[node name="Enemy_Triangle6" parent="Rows/Row32" index="1" instance=ExtResource( 4 )]

position = Vector2( 0, -110 )

[node name="Enemy_Triangle2" parent="Rows/Row32" index="2" instance=ExtResource( 4 )]

position = Vector2( 0, -40 )

[node name="Enemy_Triangle3" parent="Rows/Row32" index="3" instance=ExtResource( 4 )]

position = Vector2( 0, 40 )

[node name="Enemy_Triangle5" parent="Rows/Row32" index="4" instance=ExtResource( 4 )]

position = Vector2( 0, 110 )

[node name="Enemy_Triangle4" parent="Rows/Row32" index="5" instance=ExtResource( 4 )]

position = Vector2( 0, 180 )

[node name="Row33" type="Node2D" parent="Rows" index="32"]

editor/display_folded = true
position = Vector2( -2400, 0 )
script = ExtResource( 3 )
_sections_unfolded = [ "Transform" ]
angle = 32
inc = 0.1
amp = 2

[node name="Enemy_Triangle" parent="Rows/Row33" index="0" instance=ExtResource( 4 )]

position = Vector2( 0, -180 )

[node name="Enemy_Triangle6" parent="Rows/Row33" index="1" instance=ExtResource( 4 )]

position = Vector2( 0, -110 )

[node name="Enemy_Triangle2" parent="Rows/Row33" index="2" instance=ExtResource( 4 )]

position = Vector2( 0, -40 )

[node name="Enemy_Triangle3" parent="Rows/Row33" index="3" instance=ExtResource( 4 )]

position = Vector2( 0, 40 )

[node name="Enemy_Triangle5" parent="Rows/Row33" index="4" instance=ExtResource( 4 )]

position = Vector2( 0, 110 )

[node name="Enemy_Triangle4" parent="Rows/Row33" index="5" instance=ExtResource( 4 )]

position = Vector2( 0, 180 )

[node name="Row34" type="Node2D" parent="Rows" index="33"]

editor/display_folded = true
position = Vector2( -2475, 0 )
script = ExtResource( 3 )
_sections_unfolded = [ "Transform" ]
angle = 33
inc = 0.1
amp = 2

[node name="Enemy_Triangle" parent="Rows/Row34" index="0" instance=ExtResource( 4 )]

position = Vector2( 0, -180 )

[node name="Enemy_Triangle6" parent="Rows/Row34" index="1" instance=ExtResource( 4 )]

position = Vector2( 0, -110 )

[node name="Enemy_Triangle2" parent="Rows/Row34" index="2" instance=ExtResource( 4 )]

position = Vector2( 0, -40 )

[node name="Enemy_Triangle3" parent="Rows/Row34" index="3" instance=ExtResource( 4 )]

position = Vector2( 0, 40 )

[node name="Enemy_Triangle5" parent="Rows/Row34" index="4" instance=ExtResource( 4 )]

position = Vector2( 0, 110 )

[node name="Enemy_Triangle4" parent="Rows/Row34" index="5" instance=ExtResource( 4 )]

position = Vector2( 0, 180 )

[node name="Row35" type="Node2D" parent="Rows" index="34"]

editor/display_folded = true
position = Vector2( -2550, 0 )
script = ExtResource( 3 )
_sections_unfolded = [ "Transform" ]
angle = 34
inc = 0.1
amp = 2

[node name="Enemy_Triangle" parent="Rows/Row35" index="0" instance=ExtResource( 4 )]

position = Vector2( 0, -180 )

[node name="Enemy_Triangle6" parent="Rows/Row35" index="1" instance=ExtResource( 4 )]

position = Vector2( 0, -110 )

[node name="Enemy_Triangle2" parent="Rows/Row35" index="2" instance=ExtResource( 4 )]

position = Vector2( 0, -40 )

[node name="Enemy_Triangle3" parent="Rows/Row35" index="3" instance=ExtResource( 4 )]

position = Vector2( 0, 40 )

[node name="Enemy_Triangle5" parent="Rows/Row35" index="4" instance=ExtResource( 4 )]

position = Vector2( 0, 110 )

[node name="Enemy_Triangle4" parent="Rows/Row35" index="5" instance=ExtResource( 4 )]

position = Vector2( 0, 180 )

[node name="Row36" type="Node2D" parent="Rows" index="35"]

editor/display_folded = true
position = Vector2( -2625, 0 )
script = ExtResource( 3 )
_sections_unfolded = [ "Transform" ]
angle = 35
inc = 0.1
amp = 2

[node name="Enemy_Triangle" parent="Rows/Row36" index="0" instance=ExtResource( 4 )]

position = Vector2( 0, -150 )

[node name="Enemy_Triangle2" parent="Rows/Row36" index="1" instance=ExtResource( 4 )]

position = Vector2( 0, -75 )

[node name="Enemy_Triangle3" parent="Rows/Row36" index="2" instance=ExtResource( 4 )]

[node name="Enemy_Triangle5" parent="Rows/Row36" index="3" instance=ExtResource( 4 )]

position = Vector2( 0, 75 )

[node name="Enemy_Triangle4" parent="Rows/Row36" index="4" instance=ExtResource( 4 )]

position = Vector2( 0, 150 )

[node name="Row37" type="Node2D" parent="Rows" index="36"]

editor/display_folded = true
position = Vector2( -2700, 0 )
script = ExtResource( 3 )
_sections_unfolded = [ "Transform" ]
angle = 36
inc = 0.1
amp = 2

[node name="Enemy_Triangle" parent="Rows/Row37" index="0" instance=ExtResource( 4 )]

position = Vector2( 0, -150 )

[node name="Enemy_Triangle2" parent="Rows/Row37" index="1" instance=ExtResource( 4 )]

position = Vector2( 0, -75 )

[node name="Enemy_Triangle3" parent="Rows/Row37" index="2" instance=ExtResource( 4 )]

[node name="Enemy_Triangle5" parent="Rows/Row37" index="3" instance=ExtResource( 4 )]

position = Vector2( 0, 75 )

[node name="Enemy_Triangle4" parent="Rows/Row37" index="4" instance=ExtResource( 4 )]

position = Vector2( 0, 150 )

[node name="Row38" type="Node2D" parent="Rows" index="37"]

editor/display_folded = true
position = Vector2( -2775, 0 )
script = ExtResource( 3 )
_sections_unfolded = [ "Transform" ]
angle = 37
inc = 0.1
amp = 2

[node name="Enemy_Triangle" parent="Rows/Row38" index="0" instance=ExtResource( 4 )]

position = Vector2( 0, -150 )

[node name="Enemy_Triangle2" parent="Rows/Row38" index="1" instance=ExtResource( 4 )]

position = Vector2( 0, -75 )

[node name="Enemy_Triangle3" parent="Rows/Row38" index="2" instance=ExtResource( 4 )]

[node name="Enemy_Triangle5" parent="Rows/Row38" index="3" instance=ExtResource( 4 )]

position = Vector2( 0, 75 )

[node name="Enemy_Triangle4" parent="Rows/Row38" index="4" instance=ExtResource( 4 )]

position = Vector2( 0, 150 )

[node name="Row39" type="Node2D" parent="Rows" index="38"]

editor/display_folded = true
position = Vector2( -2850, 0 )
script = ExtResource( 3 )
_sections_unfolded = [ "Transform" ]
angle = 38
inc = 0.1
amp = 2

[node name="Enemy_Triangle" parent="Rows/Row39" index="0" instance=ExtResource( 4 )]

position = Vector2( 0, -150 )

[node name="Enemy_Triangle2" parent="Rows/Row39" index="1" instance=ExtResource( 4 )]

position = Vector2( 0, -75 )

[node name="Enemy_Triangle3" parent="Rows/Row39" index="2" instance=ExtResource( 4 )]

[node name="Enemy_Triangle5" parent="Rows/Row39" index="3" instance=ExtResource( 4 )]

position = Vector2( 0, 75 )

[node name="Enemy_Triangle4" parent="Rows/Row39" index="4" instance=ExtResource( 4 )]

position = Vector2( 0, 150 )

[node name="Row40" type="Node2D" parent="Rows" index="39"]

editor/display_folded = true
position = Vector2( -2925, 0 )
script = ExtResource( 3 )
_sections_unfolded = [ "Transform" ]
angle = 39
inc = 0.1
amp = 2

[node name="Enemy_Triangle" parent="Rows/Row40" index="0" instance=ExtResource( 4 )]

position = Vector2( 0, -150 )

[node name="Enemy_Triangle2" parent="Rows/Row40" index="1" instance=ExtResource( 4 )]

position = Vector2( 0, -75 )

[node name="Enemy_Triangle3" parent="Rows/Row40" index="2" instance=ExtResource( 4 )]

[node name="Enemy_Triangle5" parent="Rows/Row40" index="3" instance=ExtResource( 4 )]

position = Vector2( 0, 75 )

[node name="Enemy_Triangle4" parent="Rows/Row40" index="4" instance=ExtResource( 4 )]

position = Vector2( 0, 150 )

[node name="Row41" type="Node2D" parent="Rows" index="40"]

editor/display_folded = true
position = Vector2( -3000, 0 )
script = ExtResource( 3 )
_sections_unfolded = [ "Transform" ]
angle = 40
inc = 0.1
amp = 2

[node name="Enemy_Triangle2" parent="Rows/Row41" index="0" instance=ExtResource( 4 )]

position = Vector2( 0, -110 )

[node name="Enemy_Triangle3" parent="Rows/Row41" index="1" instance=ExtResource( 4 )]

position = Vector2( 0, -40 )

[node name="Enemy_Triangle5" parent="Rows/Row41" index="2" instance=ExtResource( 4 )]

position = Vector2( 0, 40 )

[node name="Enemy_Triangle4" parent="Rows/Row41" index="3" instance=ExtResource( 4 )]

position = Vector2( 0, 110 )

[node name="Row42" type="Node2D" parent="Rows" index="41"]

editor/display_folded = true
position = Vector2( -3075, 0 )
script = ExtResource( 3 )
_sections_unfolded = [ "Transform" ]
angle = 41
inc = 0.1
amp = 2

[node name="Enemy_Triangle2" parent="Rows/Row42" index="0" instance=ExtResource( 4 )]

position = Vector2( 0, -75 )

[node name="Enemy_Triangle3" parent="Rows/Row42" index="1" instance=ExtResource( 4 )]

[node name="Enemy_Triangle5" parent="Rows/Row42" index="2" instance=ExtResource( 4 )]

position = Vector2( 0, 75 )

[node name="Perimeter" type="CollisionShape2D" parent="." index="1"]

position = Vector2( -1550, 0 )
scale = Vector2( 160, 20 )
shape = SubResource( 1 )
_sections_unfolded = [ "Transform" ]

[connection signal="body_entered" from="." to="." method="_on_Grid_body_entered"]


